@misc{pic:SM,
  author  = {{{Wikimedia Commons}}},
  note    = {File: \ttfamily{Standard Model of Elementary Particles.svg}},
  title   = {Standard {Model of Elementary Particles}},
  url     = {\url{https://commons.wikimedia.org/wiki/File:Standard_Model_of_Elementary_Particles.svg}},
  urlseen = {14-07-24},
  year    = {2024}
}
@article{paper:CODATA,
  author  = {Tiesinga, Eite and Mohr, Peter J. and Newell, David B. and Taylor, Barry N.},
  doi     = {10.1103/RevModPhys.93.025010},
  journal = {Reviews of Modern Physics},
  number  = {2},
  pages   = {025010},
  title   = {{CODATA recommended values of the fundamental physical constants: 2018}},
  volume  = {93},
  year    = {2021}
}
